@book{sourc1,
  title = {Materials for Shoes That Helped to Break The World Marathon Record},
  author = {Bessone, Veronica},
  year = {2020},
  publisher = {{matmatch.com}},
  keywords = {Materials}
}
@book{sourc2,
  title = {Specific Heat Capacities of Air},
  author = {Urieli, Israel},
  year = {2020},
  publisher = {{Ohio University}},
  keywords = {Heat Capacities}
}
@book{sourc3,
  title = {Fundamentals of Renewable Energy Processes},
  author = {da Rosa, Aldo},
  year = {2013},
  publisher = {{Elsevier}},
  keywords = {Chapter 3.4.1. Otto Cycle}
}
@book{sourc4,
  title = {Z-CoiL Footwear Explained},
  author = {Footwear, Z-Coil},
  year = {2010},
  publisher = {{Youtube}},
  keywords = {Spring shoes}
}
@book{sourc5,
  title = {Walk Briskly for Your Health. About 100 Steps a Minute.},
  author = {Reynolds, Gretchen},
  year = {2018},
  publisher = {{NYTimes}},
  keywords = {Jogging}
}
@book{sourc6,
  title = {Could you be an athlete? Olympics 2012 by age, weight and height},
  author = {Author, Unknown},
  year = {2012},
  publisher = {{The Guardian}},
  keywords = {Olympics}
}
@book{sourc7,
  title = {Oblig 2 FYS2160 2020},
  author = {Dysthe, Dag Kristian},
  year = {2020},
  publisher = {{UiO}},
  keywords = {FYS2160}
}